<?xml version="1.0" encoding="UTF-8"?><collection xmlns="http://www.loc.gov/MARC21/slim"><record><leader>00660nam--2200169-i-4500</leader><controlfield tag="001">000048568</controlfield><controlfield tag="002">20161230</controlfield><controlfield tag="005">20161230201047</controlfield><controlfield tag="008">060222s1000------------r-----000-0-eng-d</controlfield><datafield ind1=" " ind2=" " tag="040"><subfield code="a">IFIN-HH</subfield></datafield><datafield ind1=" " ind2=" " tag="080"><subfield code="a">535.377(061.3):539.12.08(061.3)</subfield></datafield><datafield ind1="1" ind2=" " tag="110"><subfield code="a">Bhabha Atomic Research Centre Bombay</subfield></datafield><datafield ind1="1" ind2="0" tag="245"><subfield code="a">Proceedings of the national symposium on thermoluminescence and its applications;</subfield><subfield code="b">Reactor research cnetre, kalpakkam, madras, february 12-15, 1975; organisaed by health physics division bhabha atomic research centre</subfield></datafield><datafield ind1=" " ind2=" " tag="260"><subfield code="a">Bombay</subfield><subfield code="b">Bhabha Atomic Research Centre</subfield><subfield code="c">1975</subfield></datafield><datafield ind1=" " ind2=" " tag="300"><subfield code="a">X + 700P</subfield></datafield><datafield ind1=" " ind2=" " tag="852"><subfield code="a">43159</subfield><subfield code="c">535.37</subfield></datafield><datafield ind1=" " ind2=" " tag="CAT"><subfield code="a">Sys</subfield><subfield code="c">20110426</subfield><subfield code="h">123124</subfield></datafield></record></collection>